%YAML 1.1
%TAG !u! tag:unity3d.com,2011:
--- !u!1 &2924442340688185895
GameObject:
  m_ObjectHideFlags: 0
  m_CorrespondingSourceObject: {fileID: 0}
  m_PrefabInstance: {fileID: 0}
  m_PrefabAsset: {fileID: 0}
  serializedVersion: 6
  m_Component:
  - component: {fileID: 2924442340688185894}
  - component: {fileID: 2924442340688185892}
  - component: {fileID: 2924442340688185893}
  m_Layer: 0
  m_Name: Cube (5)
  m_TagString: Untagged
  m_Icon: {fileID: 0}
  m_NavMeshLayer: 0
  m_StaticEditorFlags: 0
  m_IsActive: 1
--- !u!4 &2924442340688185894
Transform:
  m_ObjectHideFlags: 0
  m_CorrespondingSourceObject: {fileID: 0}
  m_PrefabInstance: {fileID: 0}
  m_PrefabAsset: {fileID: 0}
  m_GameObject: {fileID: 2924442340688185895}
  m_LocalRotation: {x: -0, y: 0.2962218, z: -0, w: 0.9551192}
  m_LocalPosition: {x: -4.37, y: 2.548, z: -4.04}
  m_LocalScale: {x: 12.890587, y: 1.0390874, z: 1.0016377}
  m_ConstrainProportionsScale: 0
  m_Children: []
  m_Father: {fileID: 7957209893631112547}
  m_RootOrder: 5
  m_LocalEulerAnglesHint: {x: 0, y: 34.462, z: 0}
--- !u!33 &2924442340688185892
MeshFilter:
  m_ObjectHideFlags: 0
  m_CorrespondingSourceObject: {fileID: 0}
  m_PrefabInstance: {fileID: 0}
  m_PrefabAsset: {fileID: 0}
  m_GameObject: {fileID: 2924442340688185895}
  m_Mesh: {fileID: 10202, guid: 0000000000000000e000000000000000, type: 0}
--- !u!23 &2924442340688185893
MeshRenderer:
  m_ObjectHideFlags: 0
  m_CorrespondingSourceObject: {fileID: 0}
  m_PrefabInstance: {fileID: 0}
  m_PrefabAsset: {fileID: 0}
  m_GameObject: {fileID: 2924442340688185895}
  m_Enabled: 1
  m_CastShadows: 0
  m_ReceiveShadows: 1
  m_DynamicOccludee: 1
  m_StaticShadowCaster: 0
  m_MotionVectors: 1
  m_LightProbeUsage: 1
  m_ReflectionProbeUsage: 1
  m_RayTracingMode: 2
  m_RayTraceProcedural: 0
  m_RenderingLayerMask: 1
  m_RendererPriority: 0
  m_Materials:
  - {fileID: 2100000, guid: 259e831f497a3044cb0bc287a7956ba9, type: 2}
  m_StaticBatchInfo:
    firstSubMesh: 0
    subMeshCount: 0
  m_StaticBatchRoot: {fileID: 0}
  m_ProbeAnchor: {fileID: 0}
  m_LightProbeVolumeOverride: {fileID: 0}
  m_ScaleInLightmap: 1
  m_ReceiveGI: 1
  m_PreserveUVs: 0
  m_IgnoreNormalsForChartDetection: 0
  m_ImportantGI: 0
  m_StitchLightmapSeams: 1
  m_SelectedEditorRenderState: 3
  m_MinimumChartSize: 4
  m_AutoUVMaxDistance: 0.5
  m_AutoUVMaxAngle: 89
  m_LightmapParameters: {fileID: 0}
  m_SortingLayerID: 0
  m_SortingLayer: 0
  m_SortingOrder: 0
  m_AdditionalVertexStreams: {fileID: 0}
--- !u!1 &2924442341303157901
GameObject:
  m_ObjectHideFlags: 0
  m_CorrespondingSourceObject: {fileID: 0}
  m_PrefabInstance: {fileID: 0}
  m_PrefabAsset: {fileID: 0}
  serializedVersion: 6
  m_Component:
  - component: {fileID: 2924442341303157891}
  - component: {fileID: 2924442341303157900}
  m_Layer: 0
  m_Name: Diirector (1)
  m_TagString: Untagged
  m_Icon: {fileID: 0}
  m_NavMeshLayer: 0
  m_StaticEditorFlags: 0
  m_IsActive: 1
--- !u!4 &2924442341303157891
Transform:
  m_ObjectHideFlags: 0
  m_CorrespondingSourceObject: {fileID: 0}
  m_PrefabInstance: {fileID: 0}
  m_PrefabAsset: {fileID: 0}
  m_GameObject: {fileID: 2924442341303157901}
  m_LocalRotation: {x: -0, y: -0, z: -0, w: 1}
  m_LocalPosition: {x: 0, y: 0, z: 0}
  m_LocalScale: {x: 1, y: 1, z: 1}
  m_ConstrainProportionsScale: 0
  m_Children: []
  m_Father: {fileID: 2924442342320227240}
  m_RootOrder: 1
  m_LocalEulerAnglesHint: {x: 0, y: 0, z: 0}
--- !u!320 &2924442341303157900
PlayableDirector:
  m_ObjectHideFlags: 0
  m_CorrespondingSourceObject: {fileID: 0}
  m_PrefabInstance: {fileID: 0}
  m_PrefabAsset: {fileID: 0}
  m_GameObject: {fileID: 2924442341303157901}
  m_Enabled: 1
  serializedVersion: 3
  m_PlayableAsset: {fileID: 11400000, guid: 211a5f24720642d44a8c6c37c1a94217, type: 2}
  m_InitialState: 1
  m_WrapMode: 2
  m_DirectorUpdateMode: 1
  m_InitialTime: 0
  m_SceneBindings:
  - key: {fileID: 4943009033507379136, guid: 211a5f24720642d44a8c6c37c1a94217, type: 2}
    value: {fileID: 2924442340870435514}
  - key: {fileID: -1904336795651684609, guid: 211a5f24720642d44a8c6c37c1a94217, type: 2}
    value: {fileID: 2924442342672672313}
  - key: {fileID: 755627717470085687, guid: 211a5f24720642d44a8c6c37c1a94217, type: 2}
    value: {fileID: 2924442340988821974}
  - key: {fileID: 1007783103262051258, guid: 211a5f24720642d44a8c6c37c1a94217, type: 2}
    value: {fileID: 2924442342635560216}
  - key: {fileID: -6419542945533131478, guid: 211a5f24720642d44a8c6c37c1a94217, type: 2}
    value: {fileID: 2924442341685802675}
  - key: {fileID: 8426152412107433105, guid: 211a5f24720642d44a8c6c37c1a94217, type: 2}
    value: {fileID: 0}
  - key: {fileID: 7447197619568532543, guid: 211a5f24720642d44a8c6c37c1a94217, type: 2}
    value: {fileID: 0}
  m_ExposedReferences:
    m_References: []
--- !u!1 &2924442341932069802
GameObject:
  m_ObjectHideFlags: 0
  m_CorrespondingSourceObject: {fileID: 0}
  m_PrefabInstance: {fileID: 0}
  m_PrefabAsset: {fileID: 0}
  serializedVersion: 6
  m_Component:
  - component: {fileID: 2924442341932069801}
  - component: {fileID: 2924442341932069807}
  - component: {fileID: 2924442341932069800}
  m_Layer: 0
  m_Name: Cube (4)
  m_TagString: Untagged
  m_Icon: {fileID: 0}
  m_NavMeshLayer: 0
  m_StaticEditorFlags: 0
  m_IsActive: 1
--- !u!4 &2924442341932069801
Transform:
  m_ObjectHideFlags: 0
  m_CorrespondingSourceObject: {fileID: 0}
  m_PrefabInstance: {fileID: 0}
  m_PrefabAsset: {fileID: 0}
  m_GameObject: {fileID: 2924442341932069802}
  m_LocalRotation: {x: 0.6753708, y: 0.20946203, z: -0.20946203, w: 0.6753708}
  m_LocalPosition: {x: 2.46, y: 0.39, z: 8.9}
  m_LocalScale: {x: 15.644016, y: 0.41701552, z: 6.322238}
  m_ConstrainProportionsScale: 0
  m_Children: []
  m_Father: {fileID: 7957209893631112547}
  m_RootOrder: 4
  m_LocalEulerAnglesHint: {x: 90.00001, y: 0, z: -34.462}
--- !u!33 &2924442341932069807
MeshFilter:
  m_ObjectHideFlags: 0
  m_CorrespondingSourceObject: {fileID: 0}
  m_PrefabInstance: {fileID: 0}
  m_PrefabAsset: {fileID: 0}
  m_GameObject: {fileID: 2924442341932069802}
  m_Mesh: {fileID: 10202, guid: 0000000000000000e000000000000000, type: 0}
--- !u!23 &2924442341932069800
MeshRenderer:
  m_ObjectHideFlags: 0
  m_CorrespondingSourceObject: {fileID: 0}
  m_PrefabInstance: {fileID: 0}
  m_PrefabAsset: {fileID: 0}
  m_GameObject: {fileID: 2924442341932069802}
  m_Enabled: 1
  m_CastShadows: 0
  m_ReceiveShadows: 1
  m_DynamicOccludee: 1
  m_StaticShadowCaster: 0
  m_MotionVectors: 1
  m_LightProbeUsage: 1
  m_ReflectionProbeUsage: 1
  m_RayTracingMode: 2
  m_RayTraceProcedural: 0
  m_RenderingLayerMask: 1
  m_RendererPriority: 0
  m_Materials:
  - {fileID: 2100000, guid: 259e831f497a3044cb0bc287a7956ba9, type: 2}
  m_StaticBatchInfo:
    firstSubMesh: 0
    subMeshCount: 0
  m_StaticBatchRoot: {fileID: 0}
  m_ProbeAnchor: {fileID: 0}
  m_LightProbeVolumeOverride: {fileID: 0}
  m_ScaleInLightmap: 1
  m_ReceiveGI: 1
  m_PreserveUVs: 0
  m_IgnoreNormalsForChartDetection: 0
  m_ImportantGI: 0
  m_StitchLightmapSeams: 1
  m_SelectedEditorRenderState: 3
  m_MinimumChartSize: 4
  m_AutoUVMaxDistance: 0.5
  m_AutoUVMaxAngle: 89
  m_LightmapParameters: {fileID: 0}
  m_SortingLayerID: 0
  m_SortingLayer: 0
  m_SortingOrder: 0
  m_AdditionalVertexStreams: {fileID: 0}
--- !u!1 &2924442342024671955
GameObject:
  m_ObjectHideFlags: 0
  m_CorrespondingSourceObject: {fileID: 0}
  m_PrefabInstance: {fileID: 0}
  m_PrefabAsset: {fileID: 0}
  serializedVersion: 6
  m_Component:
  - component: {fileID: 2924442342024671954}
  m_Layer: 0
  m_Name: ArtAlign
  m_TagString: Untagged
  m_Icon: {fileID: 0}
  m_NavMeshLayer: 0
  m_StaticEditorFlags: 0
  m_IsActive: 1
--- !u!4 &2924442342024671954
Transform:
  m_ObjectHideFlags: 0
  m_CorrespondingSourceObject: {fileID: 0}
  m_PrefabInstance: {fileID: 0}
  m_PrefabAsset: {fileID: 0}
  m_GameObject: {fileID: 2924442342024671955}
  m_LocalRotation: {x: 0, y: -0.75870305, z: 0, w: 0.6514366}
  m_LocalPosition: {x: -23.1, y: -2.01, z: 13.7}
  m_LocalScale: {x: 1, y: 1, z: 1}
  m_ConstrainProportionsScale: 0
  m_Children:
  - {fileID: 7957209893631112547}
  - {fileID: 1145302497946631287}
  - {fileID: 5069046986361622176}
  - {fileID: 7740067368270732374}
  - {fileID: 1374293308501575861}
  m_Father: {fileID: 2924442342320227240}
  m_RootOrder: 0
  m_LocalEulerAnglesHint: {x: 0, y: -98.7, z: 0}
--- !u!1 &2924442342320227241
GameObject:
  m_ObjectHideFlags: 0
  m_CorrespondingSourceObject: {fileID: 0}
  m_PrefabInstance: {fileID: 0}
  m_PrefabAsset: {fileID: 0}
  serializedVersion: 6
  m_Component:
  - component: {fileID: 2924442342320227240}
  m_Layer: 0
  m_Name: Art
  m_TagString: Untagged
  m_Icon: {fileID: 0}
  m_NavMeshLayer: 0
  m_StaticEditorFlags: 0
  m_IsActive: 0
--- !u!4 &2924442342320227240
Transform:
  m_ObjectHideFlags: 0
  m_CorrespondingSourceObject: {fileID: 0}
  m_PrefabInstance: {fileID: 0}
  m_PrefabAsset: {fileID: 0}
  m_GameObject: {fileID: 2924442342320227241}
  m_LocalRotation: {x: 0, y: 0, z: 0, w: 1}
  m_LocalPosition: {x: 0, y: 0, z: 0}
  m_LocalScale: {x: 1, y: 1, z: 1}
  m_ConstrainProportionsScale: 0
  m_Children:
  - {fileID: 2924442342024671954}
  - {fileID: 2924442341303157891}
  m_Father: {fileID: 0}
  m_RootOrder: 0
  m_LocalEulerAnglesHint: {x: 0, y: 0, z: 0}
--- !u!1 &2924442342386378291
GameObject:
  m_ObjectHideFlags: 0
  m_CorrespondingSourceObject: {fileID: 0}
  m_PrefabInstance: {fileID: 0}
  m_PrefabAsset: {fileID: 0}
  serializedVersion: 6
  m_Component:
  - component: {fileID: 2924442342386378290}
  - component: {fileID: 2924442342386378288}
  - component: {fileID: 2924442342386378289}
  m_Layer: 0
  m_Name: Cube (6)
  m_TagString: Untagged
  m_Icon: {fileID: 0}
  m_NavMeshLayer: 0
  m_StaticEditorFlags: 0
  m_IsActive: 1
--- !u!4 &2924442342386378290
Transform:
  m_ObjectHideFlags: 0
  m_CorrespondingSourceObject: {fileID: 0}
  m_PrefabInstance: {fileID: 0}
  m_PrefabAsset: {fileID: 0}
  m_GameObject: {fileID: 2924442342386378291}
  m_LocalRotation: {x: -0, y: -0.48459584, z: -0, w: 0.87473816}
  m_LocalPosition: {x: -4.08, y: -1.12, z: 6.06}
  m_LocalScale: {x: 9.991533, y: 1.5116532, z: 1.0536836}
  m_ConstrainProportionsScale: 0
  m_Children: []
  m_Father: {fileID: 7957209893631112547}
  m_RootOrder: 6
  m_LocalEulerAnglesHint: {x: 0, y: -57.972004, z: 0}
--- !u!33 &2924442342386378288
MeshFilter:
  m_ObjectHideFlags: 0
  m_CorrespondingSourceObject: {fileID: 0}
  m_PrefabInstance: {fileID: 0}
  m_PrefabAsset: {fileID: 0}
  m_GameObject: {fileID: 2924442342386378291}
  m_Mesh: {fileID: 10202, guid: 0000000000000000e000000000000000, type: 0}
--- !u!23 &2924442342386378289
MeshRenderer:
  m_ObjectHideFlags: 0
  m_CorrespondingSourceObject: {fileID: 0}
  m_PrefabInstance: {fileID: 0}
  m_PrefabAsset: {fileID: 0}
  m_GameObject: {fileID: 2924442342386378291}
  m_Enabled: 1
  m_CastShadows: 0
  m_ReceiveShadows: 1
  m_DynamicOccludee: 1
  m_StaticShadowCaster: 0
  m_MotionVectors: 1
  m_LightProbeUsage: 1
  m_ReflectionProbeUsage: 1
  m_RayTracingMode: 2
  m_RayTraceProcedural: 0
  m_RenderingLayerMask: 1
  m_RendererPriority: 0
  m_Materials:
  - {fileID: 2100000, guid: 259e831f497a3044cb0bc287a7956ba9, type: 2}
  m_StaticBatchInfo:
    firstSubMesh: 0
    subMeshCount: 0
  m_StaticBatchRoot: {fileID: 0}
  m_ProbeAnchor: {fileID: 0}
  m_LightProbeVolumeOverride: {fileID: 0}
  m_ScaleInLightmap: 1
  m_ReceiveGI: 1
  m_PreserveUVs: 0
  m_IgnoreNormalsForChartDetection: 0
  m_ImportantGI: 0
  m_StitchLightmapSeams: 1
  m_SelectedEditorRenderState: 3
  m_MinimumChartSize: 4
  m_AutoUVMaxDistance: 0.5
  m_AutoUVMaxAngle: 89
  m_LightmapParameters: {fileID: 0}
  m_SortingLayerID: 0
  m_SortingLayer: 0
  m_SortingOrder: 0
  m_AdditionalVertexStreams: {fileID: 0}
--- !u!1001 &2924442341708673765
PrefabInstance:
  m_ObjectHideFlags: 0
  serializedVersion: 2
  m_Modification:
    m_TransformParent: {fileID: 2924442342024671954}
    m_Modifications:
    - target: {fileID: 676536342, guid: acfc4eafc06bfa245a1ad372584ef7a6, type: 3}
      propertyPath: m_LocalPosition.x
      value: -5.38
      objectReference: {fileID: 0}
    - target: {fileID: 676536342, guid: acfc4eafc06bfa245a1ad372584ef7a6, type: 3}
      propertyPath: m_LocalPosition.z
      value: 4.52
      objectReference: {fileID: 0}
    - target: {fileID: 676536344, guid: acfc4eafc06bfa245a1ad372584ef7a6, type: 3}
      propertyPath: m_ReceiveShadows
      value: 0
      objectReference: {fileID: 0}
    - target: {fileID: 5113842795092838278, guid: acfc4eafc06bfa245a1ad372584ef7a6, type: 3}
      propertyPath: m_RootOrder
      value: 0
      objectReference: {fileID: 0}
    - target: {fileID: 5113842795092838278, guid: acfc4eafc06bfa245a1ad372584ef7a6, type: 3}
      propertyPath: m_LocalScale.x
      value: 0.56101006
      objectReference: {fileID: 0}
    - target: {fileID: 5113842795092838278, guid: acfc4eafc06bfa245a1ad372584ef7a6, type: 3}
      propertyPath: m_LocalScale.z
      value: 0.56101006
      objectReference: {fileID: 0}
    - target: {fileID: 5113842795092838278, guid: acfc4eafc06bfa245a1ad372584ef7a6, type: 3}
      propertyPath: m_LocalPosition.x
      value: -17.25
      objectReference: {fileID: 0}
    - target: {fileID: 5113842795092838278, guid: acfc4eafc06bfa245a1ad372584ef7a6, type: 3}
      propertyPath: m_LocalPosition.y
      value: 1.63
      objectReference: {fileID: 0}
    - target: {fileID: 5113842795092838278, guid: acfc4eafc06bfa245a1ad372584ef7a6, type: 3}
      propertyPath: m_LocalPosition.z
      value: -19.26
      objectReference: {fileID: 0}
    - target: {fileID: 5113842795092838278, guid: acfc4eafc06bfa245a1ad372584ef7a6, type: 3}
      propertyPath: m_LocalRotation.w
      value: 0.8419454
      objectReference: {fileID: 0}
    - target: {fileID: 5113842795092838278, guid: acfc4eafc06bfa245a1ad372584ef7a6, type: 3}
      propertyPath: m_LocalRotation.x
      value: -0
      objectReference: {fileID: 0}
    - target: {fileID: 5113842795092838278, guid: acfc4eafc06bfa245a1ad372584ef7a6, type: 3}
      propertyPath: m_LocalRotation.y
      value: 0.53956276
      objectReference: {fileID: 0}
    - target: {fileID: 5113842795092838278, guid: acfc4eafc06bfa245a1ad372584ef7a6, type: 3}
      propertyPath: m_LocalRotation.z
      value: -0
      objectReference: {fileID: 0}
    - target: {fileID: 5113842795092838278, guid: acfc4eafc06bfa245a1ad372584ef7a6, type: 3}
      propertyPath: m_LocalEulerAnglesHint.x
      value: 0
      objectReference: {fileID: 0}
    - target: {fileID: 5113842795092838278, guid: acfc4eafc06bfa245a1ad372584ef7a6, type: 3}
      propertyPath: m_LocalEulerAnglesHint.y
      value: 65.30801
      objectReference: {fileID: 0}
    - target: {fileID: 5113842795092838278, guid: acfc4eafc06bfa245a1ad372584ef7a6, type: 3}
      propertyPath: m_LocalEulerAnglesHint.z
      value: 0
      objectReference: {fileID: 0}
    - target: {fileID: 5113842795092838279, guid: acfc4eafc06bfa245a1ad372584ef7a6, type: 3}
      propertyPath: m_Name
      value: Mask (1)
      objectReference: {fileID: 0}
    - target: {fileID: 5113842795092838279, guid: acfc4eafc06bfa245a1ad372584ef7a6, type: 3}
      propertyPath: m_IsActive
      value: 1
      objectReference: {fileID: 0}
    - target: {fileID: 5113842795688038782, guid: acfc4eafc06bfa245a1ad372584ef7a6, type: 3}
      propertyPath: m_LocalPosition.x
      value: -1.12
      objectReference: {fileID: 0}
    - target: {fileID: 5113842795688038782, guid: acfc4eafc06bfa245a1ad372584ef7a6, type: 3}
      propertyPath: m_LocalPosition.y
      value: 2.86
      objectReference: {fileID: 0}
    - target: {fileID: 5113842795688038782, guid: acfc4eafc06bfa245a1ad372584ef7a6, type: 3}
      propertyPath: m_LocalPosition.z
      value: 0.96
      objectReference: {fileID: 0}
    - target: {fileID: 5113842795766809621, guid: acfc4eafc06bfa245a1ad372584ef7a6, type: 3}
      propertyPath: m_LocalScale.y
      value: 1.5116532
      objectReference: {fileID: 0}
    - target: {fileID: 5113842795766809621, guid: acfc4eafc06bfa245a1ad372584ef7a6, type: 3}
      propertyPath: m_LocalScale.z
      value: 1.0536836
      objectReference: {fileID: 0}
    - target: {fileID: 5113842795766809621, guid: acfc4eafc06bfa245a1ad372584ef7a6, type: 3}
      propertyPath: m_LocalPosition.x
      value: 3.14
      objectReference: {fileID: 0}
    - target: {fileID: 5113842795766809621, guid: acfc4eafc06bfa245a1ad372584ef7a6, type: 3}
      propertyPath: m_LocalPosition.y
      value: -1.12
      objectReference: {fileID: 0}
    - target: {fileID: 5113842795766809621, guid: acfc4eafc06bfa245a1ad372584ef7a6, type: 3}
      propertyPath: m_LocalPosition.z
      value: -2.5
      objectReference: {fileID: 0}
    - target: {fileID: 5113842795821417776, guid: acfc4eafc06bfa245a1ad372584ef7a6, type: 3}
      propertyPath: m_ReceiveShadows
      value: 0
      objectReference: {fileID: 0}
    - target: {fileID: 5113842795821417782, guid: acfc4eafc06bfa245a1ad372584ef7a6, type: 3}
      propertyPath: m_LocalScale.x
      value: 22.822105
      objectReference: {fileID: 0}
    - target: {fileID: 5113842795821417782, guid: acfc4eafc06bfa245a1ad372584ef7a6, type: 3}
      propertyPath: m_LocalScale.z
      value: 18.461065
      objectReference: {fileID: 0}
    - target: {fileID: 5113842795821417782, guid: acfc4eafc06bfa245a1ad372584ef7a6, type: 3}
      propertyPath: m_LocalPosition.x
      value: -0.09
      objectReference: {fileID: 0}
    - target: {fileID: 5113842795821417782, guid: acfc4eafc06bfa245a1ad372584ef7a6, type: 3}
      propertyPath: m_LocalPosition.y
      value: -2.09
      objectReference: {fileID: 0}
    - target: {fileID: 5113842795821417782, guid: acfc4eafc06bfa245a1ad372584ef7a6, type: 3}
      propertyPath: m_LocalPosition.z
      value: 1.2
      objectReference: {fileID: 0}
    - target: {fileID: 5113842795821417783, guid: acfc4eafc06bfa245a1ad372584ef7a6, type: 3}
      propertyPath: m_IsActive
      value: 1
      objectReference: {fileID: 0}
    m_RemovedComponents:
    - {fileID: 5113842795821417777, guid: acfc4eafc06bfa245a1ad372584ef7a6, type: 3}
    - {fileID: 676536343, guid: acfc4eafc06bfa245a1ad372584ef7a6, type: 3}
    - {fileID: 5113842795766809620, guid: acfc4eafc06bfa245a1ad372584ef7a6, type: 3}
    - {fileID: 5113842795688038777, guid: acfc4eafc06bfa245a1ad372584ef7a6, type: 3}
  m_SourcePrefab: {fileID: 100100000, guid: acfc4eafc06bfa245a1ad372584ef7a6, type: 3}
--- !u!4 &7957209893631112547 stripped
Transform:
  m_CorrespondingSourceObject: {fileID: 5113842795092838278, guid: acfc4eafc06bfa245a1ad372584ef7a6, type: 3}
  m_PrefabInstance: {fileID: 2924442341708673765}
  m_PrefabAsset: {fileID: 0}
--- !u!1001 &2924442341747159998
PrefabInstance:
  m_ObjectHideFlags: 0
  serializedVersion: 2
  m_Modification:
    m_TransformParent: {fileID: 2924442342024671954}
    m_Modifications:
    - target: {fileID: 2842152195452473289, guid: 0b845df555321af4dbfc889b0c205f3e, type: 3}
      propertyPath: m_RootOrder
      value: 1
      objectReference: {fileID: 0}
    - target: {fileID: 2842152195452473289, guid: 0b845df555321af4dbfc889b0c205f3e, type: 3}
      propertyPath: m_LocalScale.x
      value: 0.14871775
      objectReference: {fileID: 0}
    - target: {fileID: 2842152195452473289, guid: 0b845df555321af4dbfc889b0c205f3e, type: 3}
      propertyPath: m_LocalScale.y
      value: 0.14871775
      objectReference: {fileID: 0}
    - target: {fileID: 2842152195452473289, guid: 0b845df555321af4dbfc889b0c205f3e, type: 3}
      propertyPath: m_LocalPosition.x
      value: -19.836
      objectReference: {fileID: 0}
    - target: {fileID: 2842152195452473289, guid: 0b845df555321af4dbfc889b0c205f3e, type: 3}
      propertyPath: m_LocalPosition.y
      value: 1.342
      objectReference: {fileID: 0}
    - target: {fileID: 2842152195452473289, guid: 0b845df555321af4dbfc889b0c205f3e, type: 3}
      propertyPath: m_LocalPosition.z
      value: -18.250002
      objectReference: {fileID: 0}
    - target: {fileID: 2842152195452473289, guid: 0b845df555321af4dbfc889b0c205f3e, type: 3}
      propertyPath: m_LocalRotation.w
      value: 0.7071068
      objectReference: {fileID: 0}
    - target: {fileID: 2842152195452473289, guid: 0b845df555321af4dbfc889b0c205f3e, type: 3}
      propertyPath: m_LocalRotation.x
      value: -0
      objectReference: {fileID: 0}
    - target: {fileID: 2842152195452473289, guid: 0b845df555321af4dbfc889b0c205f3e, type: 3}
      propertyPath: m_LocalRotation.y
      value: -0
      objectReference: {fileID: 0}
    - target: {fileID: 2842152195452473289, guid: 0b845df555321af4dbfc889b0c205f3e, type: 3}
      propertyPath: m_LocalRotation.z
      value: -0.7071068
      objectReference: {fileID: 0}
    - target: {fileID: 2842152195452473289, guid: 0b845df555321af4dbfc889b0c205f3e, type: 3}
      propertyPath: m_LocalEulerAnglesHint.x
      value: 0
      objectReference: {fileID: 0}
    - target: {fileID: 2842152195452473289, guid: 0b845df555321af4dbfc889b0c205f3e, type: 3}
      propertyPath: m_LocalEulerAnglesHint.y
      value: 0
      objectReference: {fileID: 0}
    - target: {fileID: 2842152195452473289, guid: 0b845df555321af4dbfc889b0c205f3e, type: 3}
      propertyPath: m_LocalEulerAnglesHint.z
      value: -90
      objectReference: {fileID: 0}
    - target: {fileID: 6430339278254201397, guid: 0b845df555321af4dbfc889b0c205f3e, type: 3}
      propertyPath: startDelay.scalar
      value: 6.6
      objectReference: {fileID: 0}
    - target: {fileID: 6430454891162202415, guid: 0b845df555321af4dbfc889b0c205f3e, type: 3}
      propertyPath: startDelay.scalar
      value: 6.6
      objectReference: {fileID: 0}
    - target: {fileID: 6430498028055195665, guid: 0b845df555321af4dbfc889b0c205f3e, type: 3}
      propertyPath: startDelay.scalar
      value: 6.6
      objectReference: {fileID: 0}
    - target: {fileID: 6430504089044462263, guid: 0b845df555321af4dbfc889b0c205f3e, type: 3}
      propertyPath: startDelay.scalar
      value: 6.6
      objectReference: {fileID: 0}
    - target: {fileID: 6430549351831016097, guid: 0b845df555321af4dbfc889b0c205f3e, type: 3}
      propertyPath: startDelay.scalar
      value: 6.6
      objectReference: {fileID: 0}
    - target: {fileID: 6431164205146360905, guid: 0b845df555321af4dbfc889b0c205f3e, type: 3}
      propertyPath: startDelay.scalar
      value: 6.6
      objectReference: {fileID: 0}
    - target: {fileID: 6431174097019210677, guid: 0b845df555321af4dbfc889b0c205f3e, type: 3}
      propertyPath: startDelay.scalar
      value: 6.6
      objectReference: {fileID: 0}
    - target: {fileID: 6431235759208996655, guid: 0b845df555321af4dbfc889b0c205f3e, type: 3}
      propertyPath: startDelay.scalar
      value: 6.6
      objectReference: {fileID: 0}
    - target: {fileID: 6431247837647711191, guid: 0b845df555321af4dbfc889b0c205f3e, type: 3}
      propertyPath: startDelay.scalar
      value: 6.6
      objectReference: {fileID: 0}
    - target: {fileID: 6431464407257674413, guid: 0b845df555321af4dbfc889b0c205f3e, type: 3}
      propertyPath: m_Materials.Array.size
      value: 1
      objectReference: {fileID: 0}
    - target: {fileID: 6431510740173223301, guid: 0b845df555321af4dbfc889b0c205f3e, type: 3}
      propertyPath: m_Materials.Array.size
      value: 1
      objectReference: {fileID: 0}
    - target: {fileID: 6431552012262811597, guid: 0b845df555321af4dbfc889b0c205f3e, type: 3}
      propertyPath: m_Materials.Array.size
      value: 1
      objectReference: {fileID: 0}
    - target: {fileID: 6431567415118510867, guid: 0b845df555321af4dbfc889b0c205f3e, type: 3}
      propertyPath: m_Materials.Array.size
      value: 1
      objectReference: {fileID: 0}
    - target: {fileID: 6431578325251563355, guid: 0b845df555321af4dbfc889b0c205f3e, type: 3}
      propertyPath: m_Materials.Array.size
      value: 1
      objectReference: {fileID: 0}
    - target: {fileID: 6431599560229946541, guid: 0b845df555321af4dbfc889b0c205f3e, type: 3}
      propertyPath: m_Materials.Array.size
      value: 1
      objectReference: {fileID: 0}
    - target: {fileID: 6431611036185680409, guid: 0b845df555321af4dbfc889b0c205f3e, type: 3}
      propertyPath: m_Materials.Array.size
      value: 1
      objectReference: {fileID: 0}
    - target: {fileID: 6431701008507363897, guid: 0b845df555321af4dbfc889b0c205f3e, type: 3}
      propertyPath: m_Materials.Array.size
      value: 1
      objectReference: {fileID: 0}
    - target: {fileID: 6431780302830891217, guid: 0b845df555321af4dbfc889b0c205f3e, type: 3}
      propertyPath: startDelay.scalar
      value: 6.6
      objectReference: {fileID: 0}
    - target: {fileID: 6431815744639640485, guid: 0b845df555321af4dbfc889b0c205f3e, type: 3}
      propertyPath: startDelay.scalar
      value: 6.6
      objectReference: {fileID: 0}
    - target: {fileID: 6431838909395349387, guid: 0b845df555321af4dbfc889b0c205f3e, type: 3}
      propertyPath: startDelay.scalar
      value: 6.6
      objectReference: {fileID: 0}
    - target: {fileID: 6431848245384645061, guid: 0b845df555321af4dbfc889b0c205f3e, type: 3}
      propertyPath: startDelay.scalar
      value: 6.6
      objectReference: {fileID: 0}
    - target: {fileID: 6431862878766811987, guid: 0b845df555321af4dbfc889b0c205f3e, type: 3}
      propertyPath: startDelay.scalar
      value: 6.6
      objectReference: {fileID: 0}
    - target: {fileID: 6431992846648439493, guid: 0b845df555321af4dbfc889b0c205f3e, type: 3}
      propertyPath: startDelay.scalar
      value: 6.6
      objectReference: {fileID: 0}
    - target: {fileID: 6432007337855530637, guid: 0b845df555321af4dbfc889b0c205f3e, type: 3}
      propertyPath: startDelay.scalar
      value: 6.6
      objectReference: {fileID: 0}
    - target: {fileID: 6432050719152403425, guid: 0b845df555321af4dbfc889b0c205f3e, type: 3}
      propertyPath: startDelay.scalar
      value: 6.6
      objectReference: {fileID: 0}
    - target: {fileID: 6432075230388958937, guid: 0b845df555321af4dbfc889b0c205f3e, type: 3}
      propertyPath: startDelay.scalar
      value: 6.6
      objectReference: {fileID: 0}
    - target: {fileID: 6432100679557859079, guid: 0b845df555321af4dbfc889b0c205f3e, type: 3}
      propertyPath: startDelay.scalar
      value: 6.6
      objectReference: {fileID: 0}
    - target: {fileID: 6432116108898490513, guid: 0b845df555321af4dbfc889b0c205f3e, type: 3}
      propertyPath: startDelay.scalar
      value: 6.6
      objectReference: {fileID: 0}
    - target: {fileID: 6432144839314183543, guid: 0b845df555321af4dbfc889b0c205f3e, type: 3}
      propertyPath: startDelay.scalar
      value: 6.6
      objectReference: {fileID: 0}
    - target: {fileID: 6432199513766664529, guid: 0b845df555321af4dbfc889b0c205f3e, type: 3}
      propertyPath: startDelay.scalar
      value: 6.6
      objectReference: {fileID: 0}
    - target: {fileID: 6432267325537329933, guid: 0b845df555321af4dbfc889b0c205f3e, type: 3}
      propertyPath: m_Materials.Array.size
      value: 1
      objectReference: {fileID: 0}
    - target: {fileID: 6432277055638571031, guid: 0b845df555321af4dbfc889b0c205f3e, type: 3}
      propertyPath: m_Materials.Array.size
      value: 1
      objectReference: {fileID: 0}
    - target: {fileID: 6432283377478347807, guid: 0b845df555321af4dbfc889b0c205f3e, type: 3}
      propertyPath: m_Materials.Array.size
      value: 1
      objectReference: {fileID: 0}
    - target: {fileID: 6432311003555712963, guid: 0b845df555321af4dbfc889b0c205f3e, type: 3}
      propertyPath: m_Materials.Array.size
      value: 1
      objectReference: {fileID: 0}
    - target: {fileID: 6432834798258300329, guid: 0b845df555321af4dbfc889b0c205f3e, type: 3}
      propertyPath: m_Materials.Array.size
      value: 1
      objectReference: {fileID: 0}
    - target: {fileID: 6432885897301395239, guid: 0b845df555321af4dbfc889b0c205f3e, type: 3}
      propertyPath: m_Materials.Array.size
      value: 1
      objectReference: {fileID: 0}
    - target: {fileID: 6432936442528248295, guid: 0b845df555321af4dbfc889b0c205f3e, type: 3}
      propertyPath: m_Materials.Array.size
      value: 1
      objectReference: {fileID: 0}
    - target: {fileID: 6432988984347870741, guid: 0b845df555321af4dbfc889b0c205f3e, type: 3}
      propertyPath: m_Materials.Array.size
      value: 1
      objectReference: {fileID: 0}
    - target: {fileID: 6432990722386509021, guid: 0b845df555321af4dbfc889b0c205f3e, type: 3}
      propertyPath: m_Materials.Array.size
      value: 1
      objectReference: {fileID: 0}
    - target: {fileID: 6432997521470889287, guid: 0b845df555321af4dbfc889b0c205f3e, type: 3}
      propertyPath: m_Materials.Array.size
      value: 1
      objectReference: {fileID: 0}
    - target: {fileID: 6433123286907336191, guid: 0b845df555321af4dbfc889b0c205f3e, type: 3}
      propertyPath: m_Materials.Array.size
      value: 1
      objectReference: {fileID: 0}
    - target: {fileID: 6433293359430861083, guid: 0b845df555321af4dbfc889b0c205f3e, type: 3}
      propertyPath: m_Materials.Array.size
      value: 1
      objectReference: {fileID: 0}
    - target: {fileID: 6433293821937459523, guid: 0b845df555321af4dbfc889b0c205f3e, type: 3}
      propertyPath: m_Materials.Array.size
      value: 1
      objectReference: {fileID: 0}
    - target: {fileID: 6433359372811201049, guid: 0b845df555321af4dbfc889b0c205f3e, type: 3}
      propertyPath: m_Materials.Array.size
      value: 1
      objectReference: {fileID: 0}
    - target: {fileID: 6595383639654533669, guid: 0b845df555321af4dbfc889b0c205f3e, type: 3}
      propertyPath: m_IsActive
      value: 1
      objectReference: {fileID: 0}
    - target: {fileID: 6596651615102879087, guid: 0b845df555321af4dbfc889b0c205f3e, type: 3}
      propertyPath: m_LocalPosition.y
      value: -6.25
      objectReference: {fileID: 0}
    - target: {fileID: 6598648820878470739, guid: 0b845df555321af4dbfc889b0c205f3e, type: 3}
      propertyPath: m_LocalPosition.y
      value: -6.42
      objectReference: {fileID: 0}
    - target: {fileID: 9117636687353098462, guid: 0b845df555321af4dbfc889b0c205f3e, type: 3}
      propertyPath: m_Name
      value: Qianglie (2)
      objectReference: {fileID: 0}
    m_RemovedComponents: []
  m_SourcePrefab: {fileID: 100100000, guid: 0b845df555321af4dbfc889b0c205f3e, type: 3}
--- !u!4 &1145302497946631287 stripped
Transform:
  m_CorrespondingSourceObject: {fileID: 2842152195452473289, guid: 0b845df555321af4dbfc889b0c205f3e, type: 3}
  m_PrefabInstance: {fileID: 2924442341747159998}
  m_PrefabAsset: {fileID: 0}
--- !u!1001 &2924442342101560672
PrefabInstance:
  m_ObjectHideFlags: 0
  serializedVersion: 2
  m_Modification:
    m_TransformParent: {fileID: 2924442342024671954}
    m_Modifications:
    - target: {fileID: 4289622206003930580, guid: b52ed1ac9e9222d4098b82d3d04dc709, type: 3}
      propertyPath: m_Name
      value: HXCYY_FX_Galaxy (1)
      objectReference: {fileID: 0}
    - target: {fileID: 4289622206003930581, guid: b52ed1ac9e9222d4098b82d3d04dc709, type: 3}
      propertyPath: m_RootOrder
      value: 4
      objectReference: {fileID: 0}
    - target: {fileID: 4289622206003930581, guid: b52ed1ac9e9222d4098b82d3d04dc709, type: 3}
      propertyPath: m_LocalScale.x
      value: 0.2016782
      objectReference: {fileID: 0}
    - target: {fileID: 4289622206003930581, guid: b52ed1ac9e9222d4098b82d3d04dc709, type: 3}
      propertyPath: m_LocalScale.z
      value: 0.20167811
      objectReference: {fileID: 0}
    - target: {fileID: 4289622206003930581, guid: b52ed1ac9e9222d4098b82d3d04dc709, type: 3}
      propertyPath: m_LocalPosition.x
      value: -14.748
      objectReference: {fileID: 0}
    - target: {fileID: 4289622206003930581, guid: b52ed1ac9e9222d4098b82d3d04dc709, type: 3}
      propertyPath: m_LocalPosition.y
      value: 0.648
      objectReference: {fileID: 0}
    - target: {fileID: 4289622206003930581, guid: b52ed1ac9e9222d4098b82d3d04dc709, type: 3}
      propertyPath: m_LocalPosition.z
      value: -19.232
      objectReference: {fileID: 0}
    - target: {fileID: 4289622206003930581, guid: b52ed1ac9e9222d4098b82d3d04dc709, type: 3}
      propertyPath: m_LocalRotation.w
      value: -0.99512756
      objectReference: {fileID: 0}
    - target: {fileID: 4289622206003930581, guid: b52ed1ac9e9222d4098b82d3d04dc709, type: 3}
      propertyPath: m_LocalRotation.x
      value: -0.016719362
      objectReference: {fileID: 0}
    - target: {fileID: 4289622206003930581, guid: b52ed1ac9e9222d4098b82d3d04dc709, type: 3}
      propertyPath: m_LocalRotation.y
      value: -0.0970967
      objectReference: {fileID: 0}
    - target: {fileID: 4289622206003930581, guid: b52ed1ac9e9222d4098b82d3d04dc709, type: 3}
      propertyPath: m_LocalRotation.z
      value: 0.0037281776
      objectReference: {fileID: 0}
    - target: {fileID: 4289622206003930581, guid: b52ed1ac9e9222d4098b82d3d04dc709, type: 3}
      propertyPath: m_LocalEulerAnglesHint.x
      value: 1.9480001
      objectReference: {fileID: 0}
    - target: {fileID: 4289622206003930581, guid: b52ed1ac9e9222d4098b82d3d04dc709, type: 3}
      propertyPath: m_LocalEulerAnglesHint.y
      value: 371.142
      objectReference: {fileID: 0}
    - target: {fileID: 4289622206003930581, guid: b52ed1ac9e9222d4098b82d3d04dc709, type: 3}
      propertyPath: m_LocalEulerAnglesHint.z
      value: -0.23900001
      objectReference: {fileID: 0}
    m_RemovedComponents: []
  m_SourcePrefab: {fileID: 100100000, guid: b52ed1ac9e9222d4098b82d3d04dc709, type: 3}
--- !u!4 &1374293308501575861 stripped
Transform:
  m_CorrespondingSourceObject: {fileID: 4289622206003930581, guid: b52ed1ac9e9222d4098b82d3d04dc709, type: 3}
  m_PrefabInstance: {fileID: 2924442342101560672}
  m_PrefabAsset: {fileID: 0}
--- !u!1001 &2924442342330848578
PrefabInstance:
  m_ObjectHideFlags: 0
  serializedVersion: 2
  m_Modification:
    m_TransformParent: {fileID: 2924442342024671954}
    m_Modifications:
    - target: {fileID: 41705864, guid: 2e2960bacf7267340b4c3317c2049f14, type: 3}
      propertyPath: m_IsActive
      value: 1
      objectReference: {fileID: 0}
    - target: {fileID: 55382414, guid: 2e2960bacf7267340b4c3317c2049f14, type: 3}
      propertyPath: m_Materials.Array.size
      value: 1
      objectReference: {fileID: 0}
    - target: {fileID: 55389508, guid: 2e2960bacf7267340b4c3317c2049f14, type: 3}
      propertyPath: m_Materials.Array.size
      value: 1
      objectReference: {fileID: 0}
    - target: {fileID: 55396792, guid: 2e2960bacf7267340b4c3317c2049f14, type: 3}
      propertyPath: m_Materials.Array.size
      value: 1
      objectReference: {fileID: 0}
    - target: {fileID: 55418612, guid: 2e2960bacf7267340b4c3317c2049f14, type: 3}
      propertyPath: m_Materials.Array.size
      value: 1
      objectReference: {fileID: 0}
    - target: {fileID: 7984156119925038050, guid: 2e2960bacf7267340b4c3317c2049f14, type: 3}
      propertyPath: m_RootOrder
      value: 2
      objectReference: {fileID: 0}
    - target: {fileID: 7984156119925038050, guid: 2e2960bacf7267340b4c3317c2049f14, type: 3}
      propertyPath: m_LocalPosition.x
      value: -14.742
      objectReference: {fileID: 0}
    - target: {fileID: 7984156119925038050, guid: 2e2960bacf7267340b4c3317c2049f14, type: 3}
      propertyPath: m_LocalPosition.y
      value: 1.4820501
      objectReference: {fileID: 0}
    - target: {fileID: 7984156119925038050, guid: 2e2960bacf7267340b4c3317c2049f14, type: 3}
      propertyPath: m_LocalPosition.z
      value: -19.267
      objectReference: {fileID: 0}
    - target: {fileID: 7984156119925038050, guid: 2e2960bacf7267340b4c3317c2049f14, type: 3}
      propertyPath: m_LocalRotation.w
      value: -0.76588565
      objectReference: {fileID: 0}
    - target: {fileID: 7984156119925038050, guid: 2e2960bacf7267340b4c3317c2049f14, type: 3}
      propertyPath: m_LocalRotation.x
      value: -0
      objectReference: {fileID: 0}
    - target: {fileID: 7984156119925038050, guid: 2e2960bacf7267340b4c3317c2049f14, type: 3}
      propertyPath: m_LocalRotation.y
      value: 0.6429768
      objectReference: {fileID: 0}
    - target: {fileID: 7984156119925038050, guid: 2e2960bacf7267340b4c3317c2049f14, type: 3}
      propertyPath: m_LocalRotation.z
      value: -0
      objectReference: {fileID: 0}
    - target: {fileID: 7984156119925038050, guid: 2e2960bacf7267340b4c3317c2049f14, type: 3}
      propertyPath: m_LocalEulerAnglesHint.x
      value: 0
      objectReference: {fileID: 0}
    - target: {fileID: 7984156119925038050, guid: 2e2960bacf7267340b4c3317c2049f14, type: 3}
      propertyPath: m_LocalEulerAnglesHint.y
      value: 279.972
      objectReference: {fileID: 0}
    - target: {fileID: 7984156119925038050, guid: 2e2960bacf7267340b4c3317c2049f14, type: 3}
      propertyPath: m_LocalEulerAnglesHint.z
      value: 0
      objectReference: {fileID: 0}
    - target: {fileID: 7984156119925038051, guid: 2e2960bacf7267340b4c3317c2049f14, type: 3}
      propertyPath: m_Name
      value: HXCYY_FX_ShuiDi (1)
      objectReference: {fileID: 0}
    - target: {fileID: 8501234780548355528, guid: 2e2960bacf7267340b4c3317c2049f14, type: 3}
      propertyPath: m_Materials.Array.size
      value: 1
      objectReference: {fileID: 0}
    - target: {fileID: 8501294093050133766, guid: 2e2960bacf7267340b4c3317c2049f14, type: 3}
      propertyPath: m_Materials.Array.size
      value: 1
      objectReference: {fileID: 0}
    - target: {fileID: 8501619055479174742, guid: 2e2960bacf7267340b4c3317c2049f14, type: 3}
      propertyPath: m_Materials.Array.size
      value: 1
      objectReference: {fileID: 0}
    - target: {fileID: 8501657969159775668, guid: 2e2960bacf7267340b4c3317c2049f14, type: 3}
      propertyPath: m_Materials.Array.size
      value: 1
      objectReference: {fileID: 0}
    m_RemovedComponents: []
  m_SourcePrefab: {fileID: 100100000, guid: 2e2960bacf7267340b4c3317c2049f14, type: 3}
--- !u!95 &2924442340870435514 stripped
Animator:
  m_CorrespondingSourceObject: {fileID: 1762420728, guid: 2e2960bacf7267340b4c3317c2049f14, type: 3}
  m_PrefabInstance: {fileID: 2924442342330848578}
  m_PrefabAsset: {fileID: 0}
--- !u!4 &5069046986361622176 stripped
Transform:
  m_CorrespondingSourceObject: {fileID: 7984156119925038050, guid: 2e2960bacf7267340b4c3317c2049f14, type: 3}
  m_PrefabInstance: {fileID: 2924442342330848578}
  m_PrefabAsset: {fileID: 0}
--- !u!1001 &2924442342349280853
PrefabInstance:
  m_ObjectHideFlags: 0
  serializedVersion: 2
  m_Modification:
    m_TransformParent: {fileID: 2924442342024671954}
    m_Modifications:
    - target: {fileID: 513095882, guid: cc23a4aba11c9594788f6e9aef9d0566, type: 3}
      propertyPath: m_Materials.Array.size
      value: 1
      objectReference: {fileID: 0}
    - target: {fileID: 972849543, guid: cc23a4aba11c9594788f6e9aef9d0566, type: 3}
      propertyPath: m_PlayableAsset
      value: 
      objectReference: {fileID: 0}
    - target: {fileID: 972849543, guid: cc23a4aba11c9594788f6e9aef9d0566, type: 3}
      propertyPath: m_SceneBindings.Array.data[0].value
      value: 
      objectReference: {fileID: 2924442340870435514}
    - target: {fileID: 2781324040051248240, guid: cc23a4aba11c9594788f6e9aef9d0566, type: 3}
      propertyPath: m_LocalPosition.x
      value: 0.06
      objectReference: {fileID: 0}
    - target: {fileID: 2781324040051248240, guid: cc23a4aba11c9594788f6e9aef9d0566, type: 3}
      propertyPath: m_LocalPosition.y
      value: -1.109412
      objectReference: {fileID: 0}
    - target: {fileID: 2781324040051248240, guid: cc23a4aba11c9594788f6e9aef9d0566, type: 3}
      propertyPath: m_LocalPosition.z
      value: -0.86
      objectReference: {fileID: 0}
    - target: {fileID: 2781324040051248240, guid: cc23a4aba11c9594788f6e9aef9d0566, type: 3}
      propertyPath: m_LocalRotation.w
      value: -1
      objectReference: {fileID: 0}
    - target: {fileID: 2781324040051248240, guid: cc23a4aba11c9594788f6e9aef9d0566, type: 3}
      propertyPath: m_LocalRotation.x
      value: 0
      objectReference: {fileID: 0}
    - target: {fileID: 2781324040051248240, guid: cc23a4aba11c9594788f6e9aef9d0566, type: 3}
      propertyPath: m_LocalRotation.y
      value: -0.0001083016
      objectReference: {fileID: 0}
    - target: {fileID: 2781324040051248240, guid: cc23a4aba11c9594788f6e9aef9d0566, type: 3}
      propertyPath: m_LocalRotation.z
      value: 0
      objectReference: {fileID: 0}
    - target: {fileID: 2781324040051248240, guid: cc23a4aba11c9594788f6e9aef9d0566, type: 3}
      propertyPath: m_LocalEulerAnglesHint.y
      value: 0
      objectReference: {fileID: 0}
    - target: {fileID: 4700148872065425650, guid: cc23a4aba11c9594788f6e9aef9d0566, type: 3}
      propertyPath: m_Materials.Array.size
      value: 1
      objectReference: {fileID: 0}
    - target: {fileID: 4700205154217445788, guid: cc23a4aba11c9594788f6e9aef9d0566, type: 3}
      propertyPath: m_Materials.Array.size
      value: 1
      objectReference: {fileID: 0}
    - target: {fileID: 4700212097216686532, guid: cc23a4aba11c9594788f6e9aef9d0566, type: 3}
      propertyPath: m_Materials.Array.size
      value: 1
      objectReference: {fileID: 0}
    - target: {fileID: 4700279166534574922, guid: cc23a4aba11c9594788f6e9aef9d0566, type: 3}
      propertyPath: m_Materials.Array.size
      value: 1
      objectReference: {fileID: 0}
    - target: {fileID: 4700596225915887726, guid: cc23a4aba11c9594788f6e9aef9d0566, type: 3}
      propertyPath: m_Materials.Array.size
      value: 1
      objectReference: {fileID: 0}
    - target: {fileID: 4700717785194497256, guid: cc23a4aba11c9594788f6e9aef9d0566, type: 3}
      propertyPath: m_Materials.Array.size
      value: 1
      objectReference: {fileID: 0}
    - target: {fileID: 4700875605887636558, guid: cc23a4aba11c9594788f6e9aef9d0566, type: 3}
      propertyPath: m_Materials.Array.size
      value: 1
      objectReference: {fileID: 0}
    - target: {fileID: 4700887518635795392, guid: cc23a4aba11c9594788f6e9aef9d0566, type: 3}
      propertyPath: m_Materials.Array.size
      value: 1
      objectReference: {fileID: 0}
    - target: {fileID: 4899787286294137344, guid: cc23a4aba11c9594788f6e9aef9d0566, type: 3}
      propertyPath: m_Name
      value: Klx (1)
      objectReference: {fileID: 0}
    - target: {fileID: 4899787286294137347, guid: cc23a4aba11c9594788f6e9aef9d0566, type: 3}
      propertyPath: m_RootOrder
      value: 3
      objectReference: {fileID: 0}
    - target: {fileID: 4899787286294137347, guid: cc23a4aba11c9594788f6e9aef9d0566, type: 3}
      propertyPath: m_LocalScale.x
      value: 0.4077594
      objectReference: {fileID: 0}
    - target: {fileID: 4899787286294137347, guid: cc23a4aba11c9594788f6e9aef9d0566, type: 3}
      propertyPath: m_LocalScale.z
      value: 0.4077594
      objectReference: {fileID: 0}
    - target: {fileID: 4899787286294137347, guid: cc23a4aba11c9594788f6e9aef9d0566, type: 3}
      propertyPath: m_LocalPosition.x
      value: -18.429
      objectReference: {fileID: 0}
    - target: {fileID: 4899787286294137347, guid: cc23a4aba11c9594788f6e9aef9d0566, type: 3}
      propertyPath: m_LocalPosition.y
      value: 1.45
      objectReference: {fileID: 0}
    - target: {fileID: 4899787286294137347, guid: cc23a4aba11c9594788f6e9aef9d0566, type: 3}
      propertyPath: m_LocalPosition.z
      value: -18.513
      objectReference: {fileID: 0}
    - target: {fileID: 4899787286294137347, guid: cc23a4aba11c9594788f6e9aef9d0566, type: 3}
      propertyPath: m_LocalRotation.w
      value: 0.8419454
      objectReference: {fileID: 0}
    - target: {fileID: 4899787286294137347, guid: cc23a4aba11c9594788f6e9aef9d0566, type: 3}
      propertyPath: m_LocalRotation.x
      value: -0
      objectReference: {fileID: 0}
    - target: {fileID: 4899787286294137347, guid: cc23a4aba11c9594788f6e9aef9d0566, type: 3}
      propertyPath: m_LocalRotation.y
      value: 0.53956276
      objectReference: {fileID: 0}
    - target: {fileID: 4899787286294137347, guid: cc23a4aba11c9594788f6e9aef9d0566, type: 3}
      propertyPath: m_LocalRotation.z
      value: -0
      objectReference: {fileID: 0}
    - target: {fileID: 4899787286294137347, guid: cc23a4aba11c9594788f6e9aef9d0566, type: 3}
      propertyPath: m_LocalEulerAnglesHint.x
      value: 0
      objectReference: {fileID: 0}
    - target: {fileID: 4899787286294137347, guid: cc23a4aba11c9594788f6e9aef9d0566, type: 3}
      propertyPath: m_LocalEulerAnglesHint.y
      value: 65.30801
      objectReference: {fileID: 0}
    - target: {fileID: 4899787286294137347, guid: cc23a4aba11c9594788f6e9aef9d0566, type: 3}
      propertyPath: m_LocalEulerAnglesHint.z
      value: 0
      objectReference: {fileID: 0}
    - target: {fileID: 4899787286547088127, guid: cc23a4aba11c9594788f6e9aef9d0566, type: 3}
      propertyPath: m_LocalPosition.x
      value: 4.55
      objectReference: {fileID: 0}
    - target: {fileID: 4899787286547088127, guid: cc23a4aba11c9594788f6e9aef9d0566, type: 3}
      propertyPath: m_LocalPosition.z
      value: 0.91
      objectReference: {fileID: 0}
    - target: {fileID: 4899787286547088127, guid: cc23a4aba11c9594788f6e9aef9d0566, type: 3}
      propertyPath: m_LocalRotation.w
      value: 0.9588243
      objectReference: {fileID: 0}
    - target: {fileID: 4899787286547088127, guid: cc23a4aba11c9594788f6e9aef9d0566, type: 3}
      propertyPath: m_LocalRotation.y
      value: 0.28400007
      objectReference: {fileID: 0}
    - target: {fileID: 4899787286547088127, guid: cc23a4aba11c9594788f6e9aef9d0566, type: 3}
      propertyPath: m_LocalEulerAnglesHint.y
      value: 32.998
      objectReference: {fileID: 0}
    - target: {fileID: 5069556135549426001, guid: cc23a4aba11c9594788f6e9aef9d0566, type: 3}
      propertyPath: m_LocalPosition.x
      value: 0
      objectReference: {fileID: 0}
    - target: {fileID: 5069556135549426001, guid: cc23a4aba11c9594788f6e9aef9d0566, type: 3}
      propertyPath: m_LocalPosition.y
      value: 1.985834
      objectReference: {fileID: 0}
    - target: {fileID: 5069556135549426001, guid: cc23a4aba11c9594788f6e9aef9d0566, type: 3}
      propertyPath: m_LocalPosition.z
      value: 0
      objectReference: {fileID: 0}
    - target: {fileID: 5069556135549426001, guid: cc23a4aba11c9594788f6e9aef9d0566, type: 3}
      propertyPath: m_LocalRotation.w
      value: 0.7071067
      objectReference: {fileID: 0}
    - target: {fileID: 5069556135549426001, guid: cc23a4aba11c9594788f6e9aef9d0566, type: 3}
      propertyPath: m_LocalRotation.x
      value: -0.7071068
      objectReference: {fileID: 0}
    - target: {fileID: 5069556135549426001, guid: cc23a4aba11c9594788f6e9aef9d0566, type: 3}
      propertyPath: m_LocalRotation.y
      value: 0
      objectReference: {fileID: 0}
    - target: {fileID: 5069556135549426001, guid: cc23a4aba11c9594788f6e9aef9d0566, type: 3}
      propertyPath: m_LocalRotation.z
      value: 0
      objectReference: {fileID: 0}
    - target: {fileID: 5069556135549426001, guid: cc23a4aba11c9594788f6e9aef9d0566, type: 3}
      propertyPath: m_LocalEulerAnglesHint.x
      value: 359.9802
      objectReference: {fileID: 0}
    - target: {fileID: 5069556135549426001, guid: cc23a4aba11c9594788f6e9aef9d0566, type: 3}
      propertyPath: m_LocalEulerAnglesHint.y
      value: 0
      objectReference: {fileID: 0}
    - target: {fileID: 5069556135549426001, guid: cc23a4aba11c9594788f6e9aef9d0566, type: 3}
      propertyPath: m_LocalEulerAnglesHint.z
      value: 0
      objectReference: {fileID: 0}
    - target: {fileID: 7144735845768095618, guid: cc23a4aba11c9594788f6e9aef9d0566, type: 3}
      propertyPath: m_LocalScale.x
      value: 12.712552
      objectReference: {fileID: 0}
    - target: {fileID: 7144735845768095618, guid: cc23a4aba11c9594788f6e9aef9d0566, type: 3}
      propertyPath: m_LocalScale.y
      value: 12.712551
      objectReference: {fileID: 0}
    - target: {fileID: 7144735845768095618, guid: cc23a4aba11c9594788f6e9aef9d0566, type: 3}
      propertyPath: m_LocalScale.z
      value: 12.712552
      objectReference: {fileID: 0}
    - target: {fileID: 7144735845768095618, guid: cc23a4aba11c9594788f6e9aef9d0566, type: 3}
      propertyPath: m_LocalPosition.x
      value: 1.4765
      objectReference: {fileID: 0}
    - target: {fileID: 7144735845768095618, guid: cc23a4aba11c9594788f6e9aef9d0566, type: 3}
      propertyPath: m_LocalPosition.y
      value: -0.11651
      objectReference: {fileID: 0}
    - target: {fileID: 7144735845768095618, guid: cc23a4aba11c9594788f6e9aef9d0566, type: 3}
      propertyPath: m_LocalPosition.z
      value: 2.0614
      objectReference: {fileID: 0}
    m_RemovedComponents: []
  m_SourcePrefab: {fileID: 100100000, guid: cc23a4aba11c9594788f6e9aef9d0566, type: 3}
--- !u!95 &2924442340988821974 stripped
Animator:
  m_CorrespondingSourceObject: {fileID: 1897346947, guid: cc23a4aba11c9594788f6e9aef9d0566, type: 3}
  m_PrefabInstance: {fileID: 2924442342349280853}
  m_PrefabAsset: {fileID: 0}
--- !u!95 &2924442341685802675 stripped
Animator:
  m_CorrespondingSourceObject: {fileID: 1536958694, guid: cc23a4aba11c9594788f6e9aef9d0566, type: 3}
  m_PrefabInstance: {fileID: 2924442342349280853}
  m_PrefabAsset: {fileID: 0}
--- !u!95 &2924442342635560216 stripped
Animator:
  m_CorrespondingSourceObject: {fileID: 321932109, guid: cc23a4aba11c9594788f6e9aef9d0566, type: 3}
  m_PrefabInstance: {fileID: 2924442342349280853}
  m_PrefabAsset: {fileID: 0}
--- !u!95 &2924442342672672313 stripped
Animator:
  m_CorrespondingSourceObject: {fileID: 483045484, guid: cc23a4aba11c9594788f6e9aef9d0566, type: 3}
  m_PrefabInstance: {fileID: 2924442342349280853}
  m_PrefabAsset: {fileID: 0}
--- !u!4 &7740067368270732374 stripped
Transform:
  m_CorrespondingSourceObject: {fileID: 4899787286294137347, guid: cc23a4aba11c9594788f6e9aef9d0566, type: 3}
  m_PrefabInstance: {fileID: 2924442342349280853}
  m_PrefabAsset: {fileID: 0}
